<record><leader>00000cas a2200000 a 4500</leader><controlfield tag="001">34201122</controlfield><controlfield tag="008">960216d18971903fluwr ne      0    0eng c</controlfield><datafield ind1=" " ind2=" " tag="010"><subfield code="a">sn 96027162 </subfield></datafield><datafield ind1=" " ind2=" " tag="040"><subfield code="a">FUG</subfield><subfield code="b">eng</subfield><subfield code="c">FUG</subfield><subfield code="d">OCLCQ</subfield><subfield code="d">OCLCF</subfield><subfield code="d">OCLCO</subfield></datafield><datafield ind1=" " ind2=" " tag="012"><subfield code="i">9602</subfield></datafield><datafield ind1="1" ind2=" " tag="029"><subfield code="a">AU@</subfield><subfield code="b">000025919330</subfield></datafield><datafield ind1=" " ind2=" " tag="042"><subfield code="a">pcc</subfield></datafield><datafield ind1=" " ind2=" " tag="043"><subfield code="a">n-us-fl</subfield></datafield><datafield ind1="0" ind2="0" tag="245"><subfield code="a">Fort Myers press consolidated with the tropical news.</subfield></datafield><datafield ind1="1" ind2="3" tag="246"><subfield code="a">Press and news</subfield></datafield><datafield ind1=" " ind2=" " tag="260"><subfield code="a">Fort Myers, Lee Co., Fla. :</subfield><subfield code="b">Ft. Myers Pub. Co.,</subfield><subfield code="c">1897-1903.</subfield></datafield><datafield ind1=" " ind2=" " tag="300"><subfield code="a">7 v.</subfield></datafield><datafield ind1=" " ind2=" " tag="310"><subfield code="a">Weekly</subfield></datafield><datafield ind1="0" ind2=" " tag="362"><subfield code="a">Vol. 13, no. 5 (Jan. 14, 1897)-v. 19, no. 27 (June 25, 1903).</subfield></datafield><datafield ind1=" " ind2=" " tag="500"><subfield code="a">J.D. Rose, Hal. B. Selby, Phillip Isaacs, editors &amp; publishers.</subfield></datafield><datafield ind1=" " ind2="0" tag="651"><subfield code="a">Fort Myers (Fla.)</subfield><subfield code="v">Newspapers.</subfield></datafield><datafield ind1=" " ind2="0" tag="651"><subfield code="a">Lee County (Fla.)</subfield><subfield code="v">Newspapers.</subfield></datafield><datafield ind1=" " ind2="7" tag="655"><subfield code="a">Newspapers.</subfield><subfield code="2">fast</subfield><subfield code="0">(OCoLC)fst01423814</subfield></datafield><datafield ind1=" " ind2="7" tag="651"><subfield code="a">Florida</subfield><subfield code="z">Fort Myers.</subfield><subfield code="2">fast</subfield><subfield code="0">(OCoLC)fst01214194</subfield></datafield><datafield ind1=" " ind2="7" tag="651"><subfield code="a">Florida</subfield><subfield code="z">Lee County.</subfield><subfield code="2">fast</subfield><subfield code="0">(OCoLC)fst01202773</subfield></datafield><datafield ind1=" " ind2=" " tag="752"><subfield code="a">United States</subfield><subfield code="b">Florida</subfield><subfield code="c">Lee</subfield><subfield code="d">Fort Myers.</subfield></datafield><datafield ind1="0" ind2="4" tag="780"><subfield code="t">Fort Myers press (Fort Myers, Fla. : 1884)</subfield><subfield code="w">(DLC)sn 90066480</subfield><subfield code="w">(OCoLC)22213582</subfield></datafield><datafield ind1="0" ind2="4" tag="780"><subfield code="t">Tropical news</subfield></datafield><datafield ind1="0" ind2="0" tag="785"><subfield code="t">Fort Myers press (Fort Myers, Fla. : 1903)</subfield><subfield code="w">(DLC)sn 96027163</subfield><subfield code="w">(OCoLC)34201123</subfield></datafield><datafield ind1=" " ind2=" " tag="850"><subfield code="a">FU</subfield></datafield></record>